@manual{intel2017man,
  author = {{Intel Corporation}},
  title = {Intel 64 and IA-32 Architectures Software Developer’s Manual},
  year = {2016},
  month = apr,
  organization = {Intel Corporation},
  note = {\url{http://www.intel.com/content/www/us/en/processors/architectures-software-developer-manuals.html},
   visited 2017-08-19}
}

@misc{utmPrimes,
    author={{Chris K. Caldwell}},
    note={\url{https://primes.utm.edu/lists/small/10000.txt},
    visited 2023-01-31
    }
}

@misc{wAlpha1,
    key = {Wolfram Alpha},
    note = {\url{https://www.wolframalpha.com/input?i=1000000th+prime}, WebPage,
    visited 2023-01-31
    }
}

@misc{wAlpha2,
    key = {Wolfram Alpha},
    note = {\url{https://www.wolframalpha.com/input?i=100000000th+prime}, WebPage,
    visited 2023-01-31
    }
}

@misc{wAlpha3,
    key = {Wolfram Alpha},
    note = {\url{https://www.wolframalpha.com/input?i=1000000000th+prime+number}, WebPage,
    visited 2023-02-01
    }
}

@inbook{DavidBurton2011,
    author={{David M. Burton}},
    chapter = {Primes and their Distribution},
    title = {Elementary Number Theory},
    year = {2011},
    publisher = {McGraw-Hill},
    pages = {44},
    isbn = {978-0-07-338314-9},
    note = {\url{https://jgcsr.org/wp-content/uploads/David_M._Burton_Elementary_Number_Theoryz-lib.org_.pdf},
    visited 2023-02-03}
}

@inbook{TheoremDavidBurton2011,
    author={{David M. Burton}},
    chapter = {Primes and their Distribution},
    title = {Elementary Number Theory},
    year = {2011},
    publisher = {McGraw-Hill},
    pages = {39,40},
    isbn = {978-0-07-338314-9},
    note = {\url{https://jgcsr.org/wp-content/uploads/David_M._Burton_Elementary_Number_Theoryz-lib.org_.pdf},
    visited 2023-02-03}
}




@inbook{Weitz2018,
author={{Weitz, Edmund}},
chapter="Primzahlen",
title={Konkrete Mathematik (nicht nur) f{\"u}r Informatiker: Mit vielen Grafiken und Algorithmen in Python},
year={2018},
publisher={Springer Fachmedien Wiesbaden},
address={Wiesbaden},
pages={73},
isbn="978-3-658-21565-1",
note = {\url{https://doi.org/10.1007/978-3-658-21565-1_8},
    visited 2023-01-30}
}


@article{Axler,
    author = {{Christian Axler}},
    journal = {Journal of Integer Sequences},
    volume = "22",
    title = {New Estimates for the nth Prime Number},
    year = {2019},
    page = {2},
    note={\url{https://cs.uwaterloo.ca/journals/JIS/VOL22/Axler/axler17.pdf}, [Theorem 1.4, 1.7],
    visited 2023-01-28
    }
}


@book{zenoDictionary,
    author = {{Karl Ernst Georges}},
    title = {Ausführliches lateinisch-deutsches Handwörterbuch},
    year = {1918},
    publisher = {Hahnsche Buchhandlung},
    note = {\url{http://www.zeno.org/Georges-1913/A/prior},
    visited 2023-01-26}
}